<collection xmlns="http://www.loc.gov/MARC21/slim">
<record>
  <leader>01730nam0a22003251i 450 </leader>
  <controlfield tag="001">IT\ICCU\CNCE\043463</controlfield>
  <controlfield tag="005">20151229000000.0</controlfield>
  <datafield tag="012" ind1=" " ind2=" ">
    <subfield code="a">poer nii- atre itre (3) 1502 (R)</subfield>
    <subfield code="2">fei</subfield>
  </datafield>
  <datafield tag="100" ind1=" " ind2=" ">
    <subfield code="a">19981230d1502        0itac0103    ba</subfield>
  </datafield>
  <datafield tag="101" ind1=" " ind2=" ">
    <subfield code="a">LAT</subfield>
  </datafield>
  <datafield tag="102" ind1=" " ind2=" ">
    <subfield code="a">IT</subfield>
  </datafield>
  <datafield tag="200" ind1="1" ind2=" ">
    <subfield code="a">Margarita poetarum. Oratorum omnium poetarum: hystoricorum: ac philosophorum elegantes dicta: per clarissimum virum Albertum De Eiib in unum collecta faeliciter incipiunt</subfield>
  </datafield>
  <datafield tag="205" ind1=" " ind2=" ">
    <subfield code="a">\Venezia! : \Albertino da Vercelli!, 1502</subfield>
  </datafield>
  <datafield tag="210" ind1=" " ind2=" ">
    <subfield code="a">161 \i.e. 168</subfield>
    <subfield code="d">8! c</subfield>
  </datafield>
  <datafield tag="215" ind1=" " ind2=" ">
    <subfield code="a"></subfield>
  </datafield>
  <datafield tag="300" ind1=" " ind2=" ">
    <subfield code="a">((A cura di Albrecth von Eyb, il cui nome appare nell&apos;explicit a c.X6. - Tip. Albertino da Vercelli, Venezia, desunti da element</subfield>
  </datafield>
  <datafield tag="620" ind1=" " ind2=" ">
    <subfield code="a">IT</subfield>
    <subfield code="d">Venezia</subfield>
  </datafield>
  <datafield tag="700" ind1=" " ind2="1">
    <subfield code="a">Eyb,</subfield>
    <subfield code="b">Albrecht : von</subfield>
    <subfield code="3">IT\ICCU\CNCA\005125</subfield>
  </datafield>
  <datafield tag="712" ind1="0" ind2="2">
    <subfield code="a">Albertino da Lessona</subfield>
    <subfield code="3">IT\ICCU\CNCT\000451</subfield>
    <subfield code="4">650</subfield>
  </datafield>
  <datafield tag="790" ind1=" " ind2="0">
    <subfield code="a">Albertus</subfield>
    <subfield code="c"> : de#Eyb</subfield>
    <subfield code="3">IT\ICCU\CNCA\022577</subfield>
    <subfield code="z">Eyb, Albrecht : von</subfield>
  </datafield>
  <datafield tag="790" ind1=" " ind2="0">
    <subfield code="a">Albrecht</subfield>
    <subfield code="c"> : de#Eyb</subfield>
    <subfield code="3">IT\ICCU\CNCA\022578</subfield>
    <subfield code="z">Eyb, Albrecht : von</subfield>
  </datafield>
  <datafield tag="791" ind1="0" ind2="2">
    <subfield code="a">Albertinus Vercellensis</subfield>
    <subfield code="3">IT\ICCU\CNCT\002968</subfield>
    <subfield code="z">Albertino da Lessona</subfield>
  </datafield>
  <datafield tag="791" ind1="0" ind2="0">
    <subfield code="a">Lessona, Albertino da</subfield>
    <subfield code="3">IT\ICCU\CNCT\002969</subfield>
    <subfield code="z">Albertino da Lessona</subfield>
  </datafield>
  <datafield tag="791" ind1="0" ind2="0">
    <subfield code="a">Vercelli, Albertino da</subfield>
    <subfield code="3">IT\ICCU\CNCT\002970</subfield>
    <subfield code="z">Albertino da Lessona</subfield>
  </datafield>
  <datafield tag="791" ind1="0" ind2="2">
    <subfield code="a">Albertino da Vercelli</subfield>
    <subfield code="3">IT\ICCU\CNCT\003188</subfield>
    <subfield code="z">Albertino da Lessona</subfield>
  </datafield>
  <datafield tag="791" ind1="0" ind2="0">
    <subfield code="a">Lisona, Albertino de</subfield>
    <subfield code="3">IT\ICCU\CNCT\003189</subfield>
    <subfield code="z">Albertino da Lessona</subfield>
  </datafield>
  <datafield tag="791" ind1="0" ind2="0">
    <subfield code="a">Lissona, Albertino de</subfield>
    <subfield code="3">IT\ICCU\CNCT\004224</subfield>
    <subfield code="z">Albertino da Lessona</subfield>
  </datafield>
  <datafield tag="801" ind1=" " ind2="3">
    <subfield code="a">IT</subfield>
    <subfield code="b">ICCU</subfield>
    <subfield code="c">20201114</subfield>
  </datafield>
  <datafield tag="899" ind1=" " ind2=" ">
    <subfield code="a">Biblioteca nazionale centrale. Firenze</subfield>
    <subfield code="1">FI0098</subfield>
    <subfield code="2">CFI CF</subfield>
  </datafield>
  <datafield tag="899" ind1=" " ind2=" ">
    <subfield code="a">Biblioteca nazionale centrale. Roma</subfield>
    <subfield code="1">RM0267</subfield>
    <subfield code="2">BVE CR</subfield>
  </datafield>
</record>
</collection>
